@article{shinjuku,
  title={論文の書き方},
  author={新宿~太郎，渋谷二郎},
  journal = {日本機械学会論文集A編},
  voule = {52},
  number = {485},
  pages = {111--116},
  year={1987}
}

@article{keer,
  title={Resonance Effects for a Crack Near a Free Surface},
  author={Keer, L.M. and Knapp, W. and Hocken, R.},
  journal = {Transactions of the ASME, Journal of Applied Mechanics},
  voule = {51},
  number = {1},
  pages = {65--69},
  year={1986}
}
